<record><leader>00000cas a2200000 a 4500</leader><controlfield tag="001">12674578</controlfield><controlfield tag="008">851015d18831906ksuwr ne      0    0eng d</controlfield><datafield ind1=" " ind2=" " tag="010"><subfield code="a">sn 85032773 </subfield></datafield><datafield ind1=" " ind2=" " tag="040"><subfield code="a">KSH</subfield><subfield code="b">eng</subfield><subfield code="c">KSH</subfield><subfield code="d">NPT</subfield><subfield code="d">OCL</subfield><subfield code="d">OCLCQ</subfield></datafield><datafield ind1=" " ind2=" " tag="042"><subfield code="a">msc</subfield></datafield><datafield ind1="0" ind2="0" tag="245"><subfield code="a">Mulvane record.</subfield></datafield><datafield ind1=" " ind2=" " tag="260"><subfield code="a">Mulvane, Kan. :</subfield><subfield code="b">G.L. Reed,</subfield><subfield code="c">-1906.</subfield></datafield><datafield ind1=" " ind2=" " tag="300"><subfield code="a">v. :</subfield><subfield code="b">ill. ;</subfield><subfield code="c">49 cm.</subfield></datafield><datafield ind1=" " ind2=" " tag="310"><subfield code="a">Weekly</subfield></datafield><datafield ind1="0" ind2=" " tag="362"><subfield code="a">-v. 24, no. 48 (Oct. 19, 1906).</subfield></datafield><datafield ind1="1" ind2=" " tag="362"><subfield code="a">Began in 1883.</subfield><subfield code="z">Cf. Rowell, 1886.</subfield></datafield><datafield ind1=" " ind2=" " tag="500"><subfield code="a">Published by: John A. Reed, Feb. 3, 1899-June 5, 1903; C.N. Higginson, June 12, 1903-Feb. 26, 1904; W.C. Robinson, Jr., Mar. 4, 1904-Oct. 19, 1906.</subfield></datafield><datafield ind1=" " ind2=" " tag="588"><subfield code="a">Description based on: Vol. 3, no. 9 (Mar. 21, 1885).</subfield></datafield><datafield ind1=" " ind2=" " tag="752"><subfield code="a">United States</subfield><subfield code="b">Kansas</subfield><subfield code="c">Sumner</subfield><subfield code="d">Mulvane.</subfield></datafield><datafield ind1="0" ind2="5" tag="780"><subfield code="t">Mulvane graphic</subfield><subfield code="g">Jan. 27, 1893</subfield><subfield code="w">(DLC)sn 85032772</subfield></datafield><datafield ind1="0" ind2="4" tag="785"><subfield code="t">Mulvane news</subfield><subfield code="w">(DLC)sn 85032774</subfield></datafield><datafield ind1="1" ind2=" " tag="029"><subfield code="a">AU@</subfield><subfield code="b">000022167012</subfield></datafield></record>